<?xml version="1.0" encoding="utf-8"?>
<record xmlns="http://www.loc.gov/MARC21/slim" xmlns:xsi="http://www.w3.org/2001/XMLSchema-instance" xsi:schemaLocation="http://www.loc.gov/MARC21/slim http://www.loc.gov/standards/marcxml/schema/MARC21slim.xsd">
	<leader>     nam a22     Mi 4500</leader>
	<controlfield tag="001">3183846</controlfield>
	<controlfield tag="003">NNC</controlfield>
	<controlfield tag="006">m        d        </controlfield>
	<controlfield tag="007">cr cn |||m|||a</controlfield>
	<controlfield tag="008">190509s1881    tu      o     000 0 arard</controlfield>
	<datafield ind1=" " ind2=" " tag="040">
		<subfield code="a">ZYU</subfield>
		<subfield code="b">ara</subfield>
		<subfield code="e">rda</subfield>
		<subfield code="c">ZYU</subfield>
	</datafield>
	<datafield ind1=" " ind2="4" tag="050">
		<subfield code="a">AC105</subfield>
		<subfield code="b">.T43</subfield>
	</datafield>
	<datafield ind1="0" ind2="0" tag="245">
		<subfield code="6">880-01</subfield>
		<subfield code="a">Thalāth rasāʼil :</subfield>
		<subfield code="b">(1) al-Nuqūd al-Islāmīyah /</subfield>
		<subfield code="c">lil-ʻallāmah Taqī al-Dīn ... al-Maqrīzī ; (2) al-Darārī fī al-dharārī lil-shaykh Kamāl al-Dīm ... ibn al-ʻadīm ; (3) Majmūʻat ḥikam wa-ādāb wa-akhbār ... lil-ʻallāmah al-mashhūr Yāqūt al-Mustaʻsimī.</subfield>
	</datafield>
	<datafield ind1=" " ind2=" " tag="260">
		<subfield code="6">880-02</subfield>
		<subfield code="a">Qusṭanṭīnīyah  :</subfield>
		<subfield code="b">Maṭbaʻat al-Jawāʼib,</subfield>
		<subfield code="c">1298 [1881]</subfield>
	</datafield>
	<datafield ind1=" " ind2=" " tag="300">
		<subfield code="a">online resource (77 pages)</subfield>
	</datafield>
	<datafield ind1=" " ind2=" " tag="336">
		<subfield code="a">text</subfield>
		<subfield code="2">rdacontent</subfield>
	</datafield>
	<datafield ind1=" " ind2=" " tag="337">
		<subfield code="a">computer</subfield>
		<subfield code="2">rdamedia</subfield>
	</datafield>
	<datafield ind1=" " ind2=" " tag="338">
		<subfield code="a">online resource</subfield>
		<subfield code="2">rdacarrier</subfield>
	</datafield>
	<datafield ind1=" " ind2=" " tag="500">
		<subfield code="a">Non-Latin script record</subfield>
	</datafield>
	<datafield ind1=" " ind2=" " tag="500">
		<subfield code="a">Part of the Arabic Collections Online (ACO) project, contributed by Columbia University Libraries.</subfield>
	</datafield>
	<datafield ind1=" " ind2=" " tag="533">
		<subfield code="a">Electronic reproduction.</subfield>
		<subfield code="b">New York, N.Y. :</subfield>
		<subfield code="c">New York University,</subfield>
		<subfield code="d">2019.</subfield>
		<subfield code="5">NNU</subfield>
	</datafield>
	<datafield ind1=" " ind2="0" tag="650">
		<subfield code="a">Arabic literature.</subfield>
	</datafield>
	<datafield ind1=" " ind2="7" tag="650">
		<subfield code="a">Arabic literature.</subfield>
		<subfield code="2">fast</subfield>
		<subfield code="0">(OCoLC)fst00812478</subfield>
	</datafield>
	<datafield ind1="1" ind2=" " tag="700">
		<subfield code="6">880-03</subfield>
		<subfield code="a">Maqrīzī, Aḥmad ibn ʻAlī,</subfield>
		<subfield code="d">1364-1442.</subfield>
		<subfield code="t">Shudhūr al-ʻuqūd fī dhikr al-nuqūd.</subfield>
	</datafield>
	<datafield ind1="1" ind2=" " tag="700">
		<subfield code="6">880-04</subfield>
		<subfield code="a">Ibn al-ʻAdīm, Kamāl al-Dīn ʻUmar ibn Aḥmad,</subfield>
		<subfield code="d">1192-1262.</subfield>
		<subfield code="t">Darārī fī al-dharārī.</subfield>
	</datafield>
	<datafield ind1="1" ind2=" " tag="700">
		<subfield code="6">880-05</subfield>
		<subfield code="a">Yāqūt al-Mustaʻṣimī,</subfield>
		<subfield code="d">-1298.</subfield>
		<subfield code="t">Majmūʻat ḥikam wa-ādāb.</subfield>
	</datafield>
	<datafield ind1="2" ind2=" " tag="710">
		<subfield code="a">Columbia University.</subfield>
		<subfield code="b">Libraries.</subfield>
	</datafield>
	<datafield ind1="0" ind2=" " tag="730">
		<subfield code="a">Arabic Collections Online.</subfield>
	</datafield>
	<datafield ind1="0" ind2="8" tag="776">
		<subfield code="i">Online version:</subfield>
		<subfield code="t">Thalāth rasāʼil.</subfield>
		<subfield code="d">Constantinople : Maṭbaʻat al-Jawāʼib, 1298 [1881]</subfield>
		<subfield code="w">(OCoLC)951122130</subfield>
	</datafield>
	<datafield ind1="0" ind2="8" tag="776">
		<subfield code="i">Print version:</subfield>
		<subfield code="t">Thalāth rasāʼil</subfield>
		<subfield code="w">(NNC)3183846</subfield>
		<subfield code="w">(OCoLC)17721322</subfield>
	</datafield>
	<datafield ind1="4" ind2="0" tag="856">
		<subfield code="u">http://hdl.handle.net/2333.1/vx0k6p07</subfield>
	</datafield>
	<datafield ind1="0" ind2="0" tag="880">
		<subfield code="6">245-01</subfield>
		<subfield code="a">ثلاث رسائل :</subfield>
		<subfield code="b">(1) النقود الاسلامية /</subfield>
		<subfield code="c">للعلامة تقي الدين ... المقريزي ؛ (2) الدراري في الذراري للشيخ كمال الدين ... بن العديم ؛ (3) مجموعة حكم وآداب واخبار ... للعلامة المشهور ياقوت المستعصمي.</subfield>
	</datafield>
	<datafield ind1=" " ind2=" " tag="880">
		<subfield code="6">260-02</subfield>
		<subfield code="a">قسطنطينية :</subfield>
		<subfield code="b">مطبعة الجوائب،</subfield>
		<subfield code="c">١٢٩٨ [١٨٨١]</subfield>
	</datafield>
	<datafield ind1="1" ind2=" " tag="880">
		<subfield code="6">700-03</subfield>
		<subfield code="a">مقريزي، احمد بن علي،</subfield>
		<subfield code="d">1364-1442.</subfield>
		<subfield code="t">شذور العقود في ذكر النقود.</subfield>
	</datafield>
	<datafield ind1="1" ind2=" " tag="880">
		<subfield code="6">700-04</subfield>
		<subfield code="a">ابن العديم، كمال الدين عمر بن احمد،</subfield>
		<subfield code="d">1192-1262.</subfield>
		<subfield code="t">دراري في الذراري.</subfield>
	</datafield>
	<datafield ind1="1" ind2=" " tag="880">
		<subfield code="6">700-05</subfield>
		<subfield code="a">ياقوت المستعصمي،</subfield>
		<subfield code="d">-1298.</subfield>
		<subfield code="t">مجموعة حكم وآداب.</subfield>
	</datafield>
	<datafield ind1=" " ind2=" " tag="959">
		<subfield code="a">NNU</subfield>
		<subfield code="b">WEB</subfield>
		<subfield code="c">GENI</subfield>
		<subfield code="t">0</subfield>
		<subfield code="m">Electronic access</subfield>
		<subfield code="s">01</subfield>
	</datafield>
	<datafield ind1=" " ind2=" " tag="999">
		<subfield code="i">NNC_3183846</subfield>
		<subfield code="o">(OCoLC)ocm17721322</subfield>
		<subfield code="s">columbia_aco003576</subfield>
		<subfield code="e">(ERROR-880)</subfield>
		<subfield code="s">columbia_aco003576</subfield>
	</datafield>
</record>
